@article{greenwade93,
    author  = "George D. Greenwade",
    title   = "The {C}omprehensive {T}ex {A}rchive {N}etwork ({CTAN})",
    year    = "1993",
    journal = "TUGBoat",
    volume  = "14",
    number  = "3",
    pages   = "342--351"
}
@misc{gistemp,
  title        = {NASA GISTEMP: Global Surface Temperature Analysis},
  author       = {{NASA Goddard Institute for Space Studies}},
  howpublished = {\url{https://data.giss.nasa.gov/gistemp/}},
  year         = {2025},
  note         = {Accessed: 2025-10-18}
}
